<record><leader>00000cas a22000007a 4500</leader><controlfield tag="001">23137832</controlfield><controlfield tag="008">910222d19741974mauwr ne      0    0eng d</controlfield><datafield ind1=" " ind2=" " tag="010"><subfield code="a">sn 91057006 </subfield></datafield><datafield ind1=" " ind2=" " tag="040"><subfield code="a">MGN</subfield><subfield code="b">eng</subfield><subfield code="c">MGN</subfield><subfield code="d">GUA</subfield><subfield code="d">OCLCQ</subfield></datafield><datafield ind1=" " ind2=" " tag="042"><subfield code="a">msc</subfield></datafield><datafield ind1="0" ind2=" " tag="130"><subfield code="a">Mirror (Scituate, Mass. : Hull ed.)</subfield></datafield><datafield ind1="1" ind2="0" tag="245"><subfield code="a">Mirror.</subfield></datafield><datafield ind1=" " ind2=" " tag="250"><subfield code="a">Hull ed.</subfield></datafield><datafield ind1=" " ind2=" " tag="260"><subfield code="a">North Scituate [Scituate] Mass. :</subfield><subfield code="b">Mirror Newspapers, Inc.</subfield></datafield><datafield ind1=" " ind2=" " tag="300"><subfield code="a">1 v.</subfield></datafield><datafield ind1=" " ind2=" " tag="310"><subfield code="a">Weekly</subfield></datafield><datafield ind1="0" ind2=" " tag="362"><subfield code="a">Vol. 17, no. 10 (Jan. 10, 1974)-v. 17, no. 16 (Feb. 20, 1974).</subfield></datafield><datafield ind1=" " ind2=" " tag="752"><subfield code="a">United States</subfield><subfield code="b">Massachusetts</subfield><subfield code="c">Plymouth</subfield><subfield code="d">Scituate.</subfield></datafield><datafield ind1=" " ind2=" " tag="752"><subfield code="a">United States</subfield><subfield code="b">Massachusetts</subfield><subfield code="c">Norfolk</subfield><subfield code="d">Hull.</subfield></datafield><datafield ind1="0" ind2="0" tag="785"><subfield code="t">South of Boston's mirror</subfield><subfield code="w">(DLC)sn 91057007</subfield></datafield></record>